[gd_scene load_steps=14 format=2]

[ext_resource path="res://maps/symbol_level1.tmx" type="PackedScene" id=1]
[ext_resource path="res://Ubuntu-B.ttf" type="DynamicFontData" id=2]
[ext_resource path="res://objects/pickups/dagger.tscn" type="PackedScene" id=3]
[ext_resource path="res://objects/Player_2.tscn" type="PackedScene" id=4]
[ext_resource path="res://objects/npc/crazy_NPC.tscn" type="PackedScene" id=5]
[ext_resource path="res://objects/test_enemy.tscn" type="PackedScene" id=6]
[ext_resource path="res://objects/npc/json_NPC.tscn" type="PackedScene" id=7]

[sub_resource type="GDScript" id=1]
script/source = "extends Node2D

var state = g.level1_state

func _ready():
	$\"Player/camera/dead_menu\".visible = false;
	load_state()
	print (state)
	
	if g.spawnRequest.level == name:
		if g.spawnRequest.point == \"home\":
			$Player.position = $\"points/home\".position
			g.spawnRequest.level = \"\"
			g.spawnRequest.point = \"\"
			print (\"spawnRequest was triggered!\")
		elif g.spawnRequest.point == \"slasher\":
			$Player.position = $\"points/slasher\".position
			g.spawnRequest.level = \"\"
			g.spawnRequest.point = \"\"
			print (\"spawnRequest was triggered!\")
			
	$Player.call(\"loadInventory\")

func _process(delta):
	$\"Player/camera/ui/fps\".text = \"fps:\"+str(Engine.get_frames_per_second());

func save_state():
#	var enemies = get_tree().get_nodes_in_group(\"enemies\")
	
	var savefile = File.new();
	savefile.open(\"user://ingame.save\", File.WRITE)
	savefile.store_line(to_json(state))
	savefile.close()
	
func load_state():
	if state[\"enemy1_islive\"] == false:
		$\"enemies/enemy1\".queue_free()
	if state[\"enemy2_islive\"] == false:
		$\"enemies/enemy2\".queue_free()
	if state[\"enemy3_islive\"] == false:
		$\"enemies/enemy3\".queue_free()
	if state[\"crazy_NPC_islive\"] == false:
		$\"enemies/crazy_NPC\".queue_free()"

[sub_resource type="DynamicFont" id=2]
use_filter = true
font_data = ExtResource( 2 )

[sub_resource type="GDScript" id=3]
script/source = "extends Area2D



func _on_home_1_body_entered(body):
	if body.name == \"Player\":
		get_tree().change_scene(\"res://objects/interiers/Interier_11.tscn\")
		g.spawnRequest.level = \"Level1\"
		g.spawnRequest.point = \"home\"
		"

[sub_resource type="RectangleShape2D" id=4]
extents = Vector2( 33.3191, 41.3514 )

[sub_resource type="GDScript" id=5]
script/source = "extends Area2D

func _on_slasher_body_entered(body):
	if body.name == \"Player\":
		get_tree().change_scene(\"res://objects/Slasher.tscn\")
"

[sub_resource type="RectangleShape2D" id=6]
extents = Vector2( 39.4766, 32.702 )

[node name="Level1" type="Node2D"]
position = Vector2( -69.3499, -58.8998 )
script = SubResource( 1 )

[node name="symbol_level1" parent="." instance=ExtResource( 1 )]
position = Vector2( -39.9985, -167.292 )
scale = Vector2( 5, 5 )

[node name="Label" type="Label" parent="."]
margin_left = 1939.0
margin_top = 1703.0
margin_right = 2233.0
margin_bottom = 1744.0
custom_fonts/font = SubResource( 2 )
text = "оружие переключаеться на циферки
"

[node name="dagger_pickup" parent="." instance=ExtResource( 3 )]
position = Vector2( 1435.36, 1707.36 )

[node name="Player" parent="." instance=ExtResource( 4 )]
position = Vector2( 1502.36, 1847.4 )

[node name="enemies" type="Node2D" parent="." groups=[
"enemies",
]]

[node name="crazy_NPC" parent="enemies" instance=ExtResource( 5 )]
position = Vector2( 1467.1, 1559.18 )

[node name="enemy1" parent="enemies" instance=ExtResource( 6 )]
position = Vector2( 2105.09, 1709.37 )

[node name="enemy2" parent="enemies" instance=ExtResource( 6 )]
position = Vector2( 1048.41, 1846.57 )

[node name="enemy3" parent="enemies" instance=ExtResource( 6 )]
position = Vector2( 2293.98, 1715.23 )

[node name="json_NPC" parent="." instance=ExtResource( 7 )]
visible = false
position = Vector2( 1315.52, 1693.8 )

[node name="triggers" type="Node2D" parent="."]
editor/display_folded = true

[node name="home_1" type="Area2D" parent="triggers"]
position = Vector2( 1622.64, 1571.94 )
script = SubResource( 3 )

[node name="CollisionShape2D" type="CollisionShape2D" parent="triggers/home_1"]
position = Vector2( 23.1928, 22.6563 )
shape = SubResource( 4 )

[node name="slasher" type="Area2D" parent="triggers"]
position = Vector2( 1943.21, 1557.51 )
script = SubResource( 5 )

[node name="CollisionShape2D" type="CollisionShape2D" parent="triggers/slasher"]
position = Vector2( 1.71484, 2.57214 )
shape = SubResource( 6 )

[node name="points" type="Node2D" parent="."]
editor/display_folded = true

[node name="home" type="Node2D" parent="points"]
position = Vector2( 1642.77, 1691.52 )

[node name="slasher" type="Node2D" parent="points"]
position = Vector2( 1941.54, 1674.56 )
[connection signal="body_entered" from="triggers/home_1" to="triggers/home_1" method="_on_home_1_body_entered"]
[connection signal="body_entered" from="triggers/slasher" to="triggers/slasher" method="_on_slasher_body_entered"]
