[gd_scene load_steps=10 format=2]

[ext_resource path="res://objects/npc/NPC2.gd" type="Script" id=1]
[ext_resource path="res://anims/npc/red/player-1.png" type="Texture" id=2]
[ext_resource path="res://anims/npc/red/player-2.png" type="Texture" id=3]
[ext_resource path="res://anims/npc/red/player-3.png" type="Texture" id=4]
[ext_resource path="res://anims/npc/red/player-4.png" type="Texture" id=5]
[ext_resource path="res://sprites/symbols/@.png" type="Texture" id=6]
[ext_resource path="res://objects/ubuntu_16.tres" type="DynamicFont" id=7]

[sub_resource type="SpriteFrames" id=1]
animations = [ {
"frames": [ ExtResource( 2 ), ExtResource( 3 ), ExtResource( 4 ), ExtResource( 5 ) ],
"loop": true,
"name": "idle",
"speed": 8.0
} ]

[sub_resource type="RectangleShape2D" id=2]
extents = Vector2( 13.887, 14.6538 )

[node name="NPC" type="KinematicBody2D"]
collision_layer = 0
collision_mask = 0
script = ExtResource( 1 )

[node name="anim" type="AnimatedSprite" parent="."]
visible = false
position = Vector2( -0.413486, -0.137831 )
scale = Vector2( 4.86217, 4.95406 )
frames = SubResource( 1 )
animation = "idle"
frame = 2
playing = true
offset = Vector2( 5, 5 )

[node name="Sprite" type="Sprite" parent="."]
position = Vector2( 0.0372157, 2.78201 )
scale = Vector2( 5, 5 )
texture = ExtResource( 6 )

[node name="CollisionShape2D" type="CollisionShape2D" parent="."]
position = Vector2( -2.46044, 1.71814 )
scale = Vector2( 5, 5 )
shape = SubResource( 2 )

[node name="Area2D" type="Area2D" parent="."]
scale = Vector2( 5, 5 )

[node name="CollisionShape2D2" type="CollisionShape2D" parent="Area2D"]
position = Vector2( -0.589915, 0.123221 )
shape = SubResource( 2 )

[node name="dialog" type="Control" parent="."]
visible = false
margin_left = -19.9914
margin_top = -6.93298
margin_right = 20.0086
margin_bottom = 33.067

[node name="Panel" type="Panel" parent="dialog"]
margin_left = -161.823
margin_top = 112.581
margin_right = 313.177
margin_bottom = 309.581

[node name="replicaText" type="Label" parent="dialog"]
margin_left = -137.0
margin_top = 125.0
margin_right = 288.0
margin_bottom = 203.0
custom_fonts/font = ExtResource( 7 )
text = "Replica text "
align = 1
valign = 1

[node name="ItemList" type="ItemList" parent="dialog"]
margin_left = -130.0
margin_top = 202.0
margin_right = 283.0
margin_bottom = 286.0
custom_fonts/font = ExtResource( 7 )
select_mode = 1
max_text_lines = 3
same_column_width = true
[connection signal="body_entered" from="Area2D" to="." method="_on_Area2D_body_entered"]
[connection signal="body_exited" from="Area2D" to="." method="_on_Area2D_body_exited"]
[connection signal="item_activated" from="dialog/ItemList" to="." method="_on_ItemList_item_activated"]
